
%% If there is any bibliography, Please list it below.
