
%% If there is any bibliography, Please list it below.
@article{geuzaine2009gmsh,
  title={Gmsh: A 3-D finite element mesh generator with built-in pre-and post-processing facilities},
  author={Geuzaine, C. and Remacle, J.F.},
  journal={International Journal for Numerical Methods in Engineering},
  volume={79},
  number={11},
  pages={1309--1331},
  year={2009},
  publisher={Wiley Online Library}
}
@article{schoberl1997netgen,
  title={NETGEN An advancing front 2D/3D-mesh generator based on abstract rules},
  author={Sch{\"o}berl, J.},
  journal={Computing and visualization in science},
  volume={1},
  number={1},
  pages={41--52},
  year={1997},
  publisher={Springer}
}

