@article{beatson1997short,
  title={A short course on fast multipole methods},
  author={Beatson, R.K. and Greengard, L.},
  journal={Wavelets, multilevel methods and elliptic PDEs},
  pages={1--37},
  year={1997},
  publisher={Leicester}
}

