
%% If there is any bibliography, Please list it below.
@article{lin2011fast,
  title={Fast construction of hierarchical matrix representation from matrix--vector multiplication},
  author={Lin, L. and Lu, J. and Ying, L.},
  journal={Journal of Computational Physics},
  volume={230},
  number={10},
  pages={4071--4087},
  year={2011},
  publisher={Elsevier}
}
@article{brunner2010comparison,
  title={Comparison of the fast multipole method with hierarchical matrices for the Helmholtz-BEM},
  author={Brunner, D. and Junge, M. and Rapp, P. and Bebendorf, M. and Gaul, L.},
  journal={Computer Modeling in Engineering \& Sciences(CMES)},
  volume={58},
  number={2},
  pages={131--160},
  year={2010},
  publisher={Tech Science Press, 4924 Balboa Blvd,\# 488 Encino CA 91316 USA}
}
@book{borm2010efficient,
  title={Efficient numerical methods for non-local operators: H2-matrix compression, algorithms and analysis},
  author={B{\"o}rm, S.},
  volume={14},
  year={2010},
  publisher={Amer Mathematical Society}
}

