@article{ostoja2002towards,
  title={Towards stochastic continuum thermodynamics},
  author={Ostoja-Starzewski, M.},
  journal={Journal of Non-equilibrium Thermodynamics},
  volume={27},
  number={4},
  pages={335--348},
  year={2002},
  publisher={Walter de Gruyter}
}

@article{Geers20102175,
title = "Multi-scale computational homogenization: Trends and challenges",
journal = "Journal of Computational and Applied Mathematics",
volume = "234",
number = "7",
pages = "2175 - 2182",
year = "2010",
note = "Fourth International Conference on Advanced Computational Methods in Engineering (ACOMEN 2008)",
issn = "0377-0427",
doi = "DOI: 10.1016/j.cam.2009.08.077",
url = "http://www.sciencedirect.com/science/article/pii/S0377042709005536",
author = "M.G.D. Geers and V.G. Kouznetsova and W.A.M. Brekelmans",
keywords = "Homogenization",
keywords = "Coarse graining",
keywords = "Multi-scale"
}


@article{ozdemir2008computational,
  title={Computational homogenization for heat conduction in heterogeneous solids},
  author={{\"O}zdemir, I. and Brekelmans, WAM and Geers, MGD},
  journal={International Journal for Numerical Methods in Engineering},
  volume={73},
  number={2},
  pages={185--204},
  year={2008},
  publisher={Wiley Online Library}
}

@book{zhu1991,
  title={椭圆边值问题的边界元分析},
  author={祝家麟},
  year={1991},
  publisher={科学出版社}
}
@book{zhu2009,
  title={边界元分析},
  author={祝家麟 and 袁政强},
  year={2009},
  publisher={科学出版社}
}
@book{liu2009fast,
  title={Fast multipole boundary element method: theory and applications in engineering},
  author={Liu, Y.},
  isbn={9780521116596},
  lccn={2009010912},
  url={http://books.google.com/books?id=UnRmPgAACAAJ},
  year={2009},
  publisher={Cambridge University Press}
}
@book{beer2008boundary,
  title={The boundary element method with programming: for engineers and scientists},
  author={Beer, G. and Smith, I. and Duenser, C.},
  isbn={9783211715741},
  lccn={2008922295},
  url={http://books.google.com/books?id=FAun2DgME20C},
  year={2008},
  publisher={Springer}
}
@book{schanz2007boundary,
  title={Boundary element analysis: mathematical aspects and applications},
  author={Schanz, M. and Steinbach, O.},
  isbn={9783540474654},
  lccn={2006936726},
  series={Lecture notes in applied and computational mechanics},
  url={http://books.google.com/books?id=e1J9bdgAX94C},
  year={2007},
  publisher={Springer}
}
@book{wolf2003scaled,
  title={The scaled boundary finite element method},
  author={Wolf, J.P.},
  isbn={9780471486824},
  lccn={2002029643},
  url={http://books.google.com/books?id=rObtYAbMn0cC},
  year={2003},
  publisher={J. Wiley}
}
@book{kerget2007domain,
  title={Domain decomposition techniques for boundary elements: application to fluid flow},
  author={{{S}}kerget, L. and Power, H. and Popov, V.},
  isbn={9781845641009},
  lccn={2007922337},
  series={Advances in boundary elements series},
  url={http://books.google.com/books?id=dGUTPwAACAAJ},
  year={2007},
  publisher={WIT Press}
}

@article{metzger1999existence,
  title={Existence for a time-dependent heat equation with non-local radiation terms},
  author={Metzger, M.},
  journal={Mathematical methods in the applied sciences},
  volume={22},
  number={13},
  pages={1101--1119},
  year={1999},
  publisher={Wiley Online Library}
}
@article{tiihonen1997nonlocal,
  title={A nonlocal problem arising from heat radiation on non-convex surfaces},
  author={Tiihonen, T.},
  journal={European Journal of Applied Mathematics},
  volume={8},
  number={4},
  pages={403--416},
  year={1997},
  publisher={Cambridge Univ Press}
}
@article{tiihonen1997stefan,
  title={Stefan--Boltzmann Radiation on Non-convex Surfaces},
  author={Tiihonen, T.},
  journal={Mathematical methods in the applied sciences},
  volume={20},
  number={1},
  pages={47--57},
  year={1997},
  publisher={Wiley Online Library}
}
@article{Qatanani2006149,
title = "Analytical and numerical investigation of the Fredholm integral equation for the heat radiation problem",
journal = "Applied Mathematics and Computation",
volume = "175",
number = "1",
pages = "149 - 170",
year = "2006",
note = "",
issn = "0096-3003",
doi = "DOI: 10.1016/j.amc.2005.07.017",
url = "http://www.sciencedirect.com/science/article/pii/S0096300305005989",
author = "Naji Qatanani and Monika Schulz",
keywords = "Heat radiation",
keywords = "Fredholm integral equation",
keywords = "Boundary element method",
keywords = "Iterative methods",
keywords = "Galerkin scheme"
}
@article{Qatanani2004797,
title = "Preconditioned conjugate gradient method for three-dimensional non-convex enclosure geometries with diffuse and grey surfaces",
journal = "Applied Mathematics and Computation",
volume = "159",
number = "3",
pages = "797 - 807",
year = "2004",
note = "",
issn = "0096-3003",
doi = "DOI: 10.1016/j.amc.2003.11.009",
url = "http://www.sciencedirect.com/science/article/pii/S0096300303011615",
author = "Naji Qatanani and Monika Schulz",
keywords = "Heat radiation",
keywords = "Non-convex geometries",
keywords = "Fredholm integral equations",
keywords = "Galerkin scheme",
keywords = "Conjugate gradient method",
keywords = "Boundary element method"
}

@article{druet2009weak,
  title={Weak solutions to a stationary heat equation with nonlocal radiation boundary condition and right-hand side in $L^p (p \ge 1)$},
  author={Druet, P.{\'E}.},
  journal={Mathematical Methods in the Applied Sciences},
  volume={32},
  number={2},
  pages={135--166},
  year={2009},
  publisher={Wiley Online Library}
}
@article{klein2003transient,
  title={Transient conductive-radiative heat transfer: Discrete existence and uniqueness for a finite volume scheme},
  author={Klein, O. and Philip, P.},
  year={2003}
}
@article{qatanani2005error,
  title={Error analysis for the finite element approximation of conductive--radiative model},
  author={Qatanani, N. and Salah, K.},
  journal={European Journal of Scientific Research},
  volume={11},
  number={2},
  pages={236--245},
  year={2005}
}
@article{qatanani2005analysis,
  title={An analysis of the conductive-radiative heat transfer in a non-convex enclosures},
  author={Qatanani, N.A.},
  year={2005}
}
@article{druetnoncompactness,
  title={Noncompactness of integral operators modeling diffuse-gray radiation in polyhedral and transient settings},
  author={Druet, P.{\'E}. and Philip, P.},
  journal={Integral Equations and Operator Theory},
  pages={1--11},
  publisher={Springer}
}
@article{laitinen2002asymptotic,
  title={Asymptotic analysis of conductive-radiative heat transfer},
  author={Laitinen, M.T.},
  journal={Asymptotic Analysis},
  volume={29},
  number={4},
  pages={323--342},
  year={2002},
  publisher={IOS Press}
}
@article{Bermudeza201163,
title = "A thermo-electrical problem with a nonlocal radiation boundary condition",
journal = "Mathematical and Computer Modelling",
volume = "53",
number = "1-2",
pages = "63 - 80",
year = "2011",
note = "",
issn = "0895-7177",
doi = "DOI: 10.1016/j.mcm.2010.07.019",
url = "http://www.sciencedirect.com/science/article/pii/S0895717710003626",
author = "A. Bermúdeza,and D. Gómeza, M.C. Muñiza and R. Vázquezb",
keywords = "Numerical simulation",
keywords = "Induction heating",
keywords = "Nonlocal radiation condition",
keywords = "Eddy currents",
keywords = "Phase change",
keywords = "BEM/FEM",
abstract = "
A coupled problem arising in induction heating furnaces is studied. The thermal problem, which involves a change of phase, has a nonlocal radiation boundary condition. Convective heat transfer in the liquid is also included which makes necessary to compute the liquid motion. For the space discretization, we propose finite element methods which are combined with characteristics methods in the thermal and flow models to handle the convective terms. In the electromagnetic model they are coupled with boundary element methods (BEM/FEM). An iterative algorithm is introduced for the whole coupled model and numerical results for an industrial induction furnace are presented."
}

@article{druet2010weak,
  title={Weak solutions to a time-dependent heat equation with nonlocal radiation boundary condition and arbitrary p-summable right-hand side},
  author={Druet, P.E.},
  journal={Applications of Mathematics},
  volume={55},
  number={2},
  pages={111--149},
  year={2010},
  publisher={Springer}
}
